@book {Wal00,
    AUTHOR = {Walker, Judy L.},
     TITLE = {Codes and curves},
    SERIES = {Student Mathematical Library},
    VOLUME = {7},
 PUBLISHER = {American Mathematical Society},
      YEAR = {2000},
      ISBN = {0-8218-2628-X},
   MRCLASS = {14G50 (11T71 94B27)},
  MRNUMBER = {1768485},
MRREVIEWER = {R. F. Lax},
       DOI = {10.1090/stml/007},
       URL = {https://doi-org.ezproxy.haverford.edu/10.1090/stml/007},
}

@book {TVN07,
    AUTHOR = {Tsfasman, M. A. and Vl\u{a}du\c{t}, S. G. and Nogin, D.},
     TITLE = {Algebraic geometric codes: basic notions},
    SERIES = {Mathematical Surveys and Monographs},
    VOLUME = {139},
 PUBLISHER = {American Mathematical Society},
      YEAR = {2007},
      ISBN = {978-0-8218-4306-2},
   MRCLASS = {94B27 (11R58 11T71 14G50 94-01)},
  MRNUMBER = {2339649},
MRREVIEWER = {Cem Guneri},
       DOI = {10.1090/surv/139},
       URL = {https://doi-org.ezproxy.haverford.edu/10.1090/surv/139},
}

@article{TVZ82,
    author = {Tsfasman, M. A. and Vl\u{a}du\c{t}, S. G. and Zink, Th.},
    title = {Modular curves, {S}himura curves, and {G}oppa codes, better than {V}arshamov-{G}ilbert bound},
    journal = {Math. Nachr.},
    fjournal = {Mathematische Nachrichten},
    volume = {109},
    number = {1},
    pages = {21--28},
    ISSN = {0025-584X},
    doi = {10.1002/mana.19821090103},
    url = {https://onlinelibrary.wiley.com/doi/abs/10.1002/mana.19821090103},
    year = {1982},
   MRCLASS = {11T71 (14G15 14H25 94B05)},
  MRNUMBER = {705893},
MRREVIEWER = {Yasutaka Ihara},
       DOI = {10.1002/mana.19821090103},
}

@article{LS87,
    AUTHOR = {van Lint, J. H. and Springer, T. A.},
     TITLE = {Generalized {R}eed-{S}olomon codes from algebraic geometry},
   JOURNAL = {IEEE Trans. Inform. Theory},
  FJOURNAL = {Institute of Electrical and Electronics Engineers.
              Transactions on Information Theory},
    VOLUME = {33},
      YEAR = {1987},
    NUMBER = {3},
     PAGES = {305--309},
      ISSN = {0018-9448},
   MRCLASS = {94B05 (11T71 14G15)},
  MRNUMBER = {885397},
MRREVIEWER = {Keqin Feng},
       DOI = {10.1109/TIT.1987.1057320},
       URL = {https://doi-org.ezproxy.haverford.edu/10.1109/TIT.1987.1057320},
}